<?xml version="1.0" encoding="UTF-8"?><collection xmlns="http://www.loc.gov/MARC21/slim"><record><leader>00593nam--2200205-i-4500</leader><controlfield tag="001">000036672</controlfield><controlfield tag="002">20161230</controlfield><controlfield tag="005">20161230201041</controlfield><controlfield tag="008">060222s1000------------r-----000-0-rus-d</controlfield><datafield ind1=" " ind2=" " tag="040"><subfield code="a">IFIN-HH</subfield></datafield><datafield ind1=" " ind2=" " tag="041"><subfield code="a">rus</subfield></datafield><datafield ind1=" " ind2=" " tag="080"><subfield code="a">533.92</subfield></datafield><datafield ind1="1" ind2=" " tag="100"><subfield code="a">Barnett,C.F</subfield></datafield><datafield ind1="1" ind2="0" tag="245"><subfield code="a">Prikladnaia fizika atomnih stolknovenii plazma</subfield><subfield code="c">C.F. Barnett, M.F.A. Harrison</subfield></datafield><datafield ind1=" " ind2=" " tag="260"><subfield code="a">Moskva</subfield><subfield code="b">Energoatomizdat</subfield><subfield code="c">1987</subfield></datafield><datafield ind1=" " ind2=" " tag="300"><subfield code="a">431p</subfield></datafield><datafield ind1=" " ind2=" " tag="500"><subfield code="a">Titlul original in lb. Engleza: Applied Atomic Collision Physics Plasmas</subfield></datafield><datafield ind1="1" ind2=" " tag="700"><subfield code="a">Harrison, M.F.A</subfield></datafield><datafield ind1=" " ind2=" " tag="852"><subfield code="a">74922</subfield><subfield code="c">533.9</subfield></datafield><datafield ind1=" " ind2=" " tag="CAT"><subfield code="a">Sys</subfield><subfield code="c">20101001</subfield><subfield code="h">191550</subfield></datafield></record></collection>